<record><leader>00000cas a22000007a 4500</leader><controlfield tag="001">10267661</controlfield><controlfield tag="008">840105d18681906nvucr ne      0    0eng d</controlfield><datafield ind1=" " ind2=" " tag="010"><subfield code="a">sn 84022047 </subfield></datafield><datafield ind1=" " ind2=" " tag="040"><subfield code="a">NPX</subfield><subfield code="b">eng</subfield><subfield code="c">NPX</subfield><subfield code="d">NPU</subfield><subfield code="d">UNP</subfield><subfield code="d">NNX</subfield><subfield code="d">CNK</subfield><subfield code="d">OCLCQ</subfield><subfield code="d">CUS</subfield><subfield code="d">AQM</subfield></datafield><datafield ind1=" " ind2=" " tag="042"><subfield code="a">msc</subfield></datafield><datafield ind1=" " ind2=" " tag="043"><subfield code="a">n-us-nv</subfield></datafield><datafield ind1=" " ind2="4" tag="050"><subfield code="a">AN2.N3</subfield><subfield code="b">W34</subfield></datafield><datafield ind1="1" ind2="4" tag="050"><subfield code="a">AN</subfield></datafield><datafield ind1="0" ind2=" " tag="130"><subfield code="a">White Pine news (Treasure City, Nev. : 1868)</subfield></datafield><datafield ind1="1" ind2="4" tag="245"><subfield code="a">The White Pine news.</subfield></datafield><datafield ind1="1" ind2="3" tag="246"><subfield code="a">Daily White Pine news</subfield></datafield><datafield ind1="1" ind2="3" tag="246"><subfield code="a">White Pine daily news</subfield></datafield><datafield ind1=" " ind2=" " tag="260"><subfield code="a">Treasure City, Nev. :</subfield><subfield code="b">W.H. Pitchard &amp; R.W. Simpson,</subfield><subfield code="c">1868-1906.</subfield></datafield><datafield ind1=" " ind2=" " tag="300"><subfield code="a">40 v. ;</subfield><subfield code="c">55 cm.</subfield></datafield><datafield ind1=" " ind2=" " tag="310"><subfield code="a">Semiweekly,</subfield><subfield code="b">Feb. 13, 1906-Dec. 21, 1906</subfield></datafield><datafield ind1=" " ind2=" " tag="321"><subfield code="a">Frequency varies</subfield></datafield><datafield ind1="0" ind2=" " tag="362"><subfield code="a">Vol. 1, no. 1 (Dec. 26, 1868)-v. 40, no. 50 (Dec. 21, 1906).</subfield></datafield><datafield ind1=" " ind2=" " tag="500"><subfield code="a">Sometimes published as: Daily White Pine news, Apr. 19-May 29, 1869; White Pine daily news, May 31-Sept. 2, 1869, &lt;Feb. 7, 1870&gt;.</subfield></datafield><datafield ind1=" " ind2=" " tag="500"><subfield code="a">Published subsequently at Hamilton, 1870-1880; Cherry Creek, 1881-1884; Taylor, 1885-1888; Ely, 1888-1906.</subfield></datafield><datafield ind1=" " ind2=" " tag="500"><subfield code="a">Publishers: W.J. Forbes, 1868-1873; Skillman &amp; Elliot, 1873-1875; F. Elliot, 1875-&lt;1876&gt;.</subfield></datafield><datafield ind1=" " ind2=" " tag="500"><subfield code="a">"The official paper of White Pine County."</subfield></datafield><datafield ind1=" " ind2=" " tag="580"><subfield code="a">Published in political opposition to: Daily inland empire.</subfield></datafield><datafield ind1=" " ind2="7" tag="655"><subfield code="a">Gazettes.</subfield><subfield code="2">ngl</subfield></datafield><datafield ind1=" " ind2="7" tag="655"><subfield code="a">Newspapers.</subfield><subfield code="2">rbgenr</subfield></datafield><datafield ind1=" " ind2=" " tag="752"><subfield code="a">United States</subfield><subfield code="b">Nevada</subfield><subfield code="c">White Pine</subfield><subfield code="d">East Ely.</subfield></datafield><datafield ind1=" " ind2=" " tag="752"><subfield code="a">United States</subfield><subfield code="b">Nevada</subfield><subfield code="c">White Pine</subfield><subfield code="d">Treasure City.</subfield></datafield><datafield ind1=" " ind2=" " tag="752"><subfield code="a">United States</subfield><subfield code="b">Nevada</subfield><subfield code="c">White Pine</subfield><subfield code="d">Taylor.</subfield></datafield><datafield ind1=" " ind2=" " tag="752"><subfield code="a">United States</subfield><subfield code="b">Nevada</subfield><subfield code="c">White Pine</subfield><subfield code="d">Ely.</subfield></datafield><datafield ind1="0" ind2="0" tag="785"><subfield code="t">White Pine news (Ely, Nev. : 1906)</subfield><subfield code="w">(DLC)sn 86076249</subfield><subfield code="w">(OCoLC)13790203</subfield></datafield><datafield ind1="1" ind2=" " tag="787"><subfield code="t">Daily inland empire</subfield><subfield code="w">(DLC)sn 84022049</subfield></datafield><datafield ind1="4" ind2="1" tag="856"><subfield code="3">06/15/1869 to 06/15/1869</subfield><subfield code="u">http://infoweb.newsbank.com/?db=EANX&amp;s_browseRef=decades/11C08C6115A8F583/all.xml</subfield></datafield></record>